@article{repovs_barch1,
  	title = "Brain Network Connectivity in Individuals with Schizophrenia and their Siblings",
  	author = "Repovs, Grega and M.Barch, Deanna",
  	journal = "Biological Psychiatry",
  	volume = "69",
  	number = "10",
  	pages = "967--973",
  	year = "2011",
  	publisher = "Elsevier"
} 

@article{repovs_barch2,
  	title = "Working memory related brain network connectivity in individuals with schizophrenia and their siblings",
  	author = "Repovs, Grega and M.Barch, Deanna",
  	journal = "Frontiers in Human Neuroscience",
  	volume = "6",
  	number = "137",
  	pages = "1--15",
  	year = "May 2012",
  	publisher = "Frontiers Media"
}

@article{kircher_thienel,
  title={Functional brain imaging of symptoms and cognition in schizophrenia},
  author={Kircher, Tilo TJ and Thienel, Renate},
  journal={Progress in brain research},
  volume={150},
  pages={299--604},
  year={2005},
  publisher={Elsevier}
}
